@article{dell2013thermal,
  title={The thermal dependence of biological traits: Ecological Archives E094-108},
  author={Dell, Anthony I and Pawar, Samraat and Savage, Van M},
  journal={Ecology},
  volume={94},
  number={5},
  pages={1205--1206},
  year={2013},
  publisher={Eco Soc America}
}

@misc{PerlDancer,
  author={Alexis Sukrieh},
  year={2009--2014},
  title = {Dancer - Perl Web Framework for easy and fun webapp development},
  howpublished = {\url{http://perldancer.org}},
  note = {Accessed: 2014-01-01}
}

@misc{GlobalNamesResolver,
  key = "Global Names Resolver",
  howpublished = {\url{http://resolver.globalnames.org/}},
  note = {Accessed: 2014-01-01}
}

@misc{BioTaxonomyGlobalNames,
  author={Dimitrios - Georgios Kontopoulos},
  year={2013},
  title = {Bio::Taxonomy::GlobalNames - Perlish OO bindings to the Global Names Resolver API},
  howpublished = {\url{https://metacpan.org/pod/Bio::Taxonomy::GlobalNames}},
  note = {Accessed: 2014-01-01}
}

@article{wilson2003encyclopedia,
  title={The encyclopedia of life},
  author={Wilson, Edward O},
  journal={{Trends Ecol. Evol.}},
  volume={18},
  number={2},
  pages={77--80},
  year={2003},
  publisher={Elsevier}
}

@article{dell2011systematic,
  title={Systematic variation in the temperature dependence of physiological and ecological traits},
  author={Dell, Anthony I and Pawar, Samraat and Savage, Van M},
  journal={{Proc. Natl. Acad. Sci. U.S.A.}},
  volume={108},
  number={26},
  pages={10591--10596},
  year={2011},
  publisher={National Acad Sciences}
}

@article{pawar2012dimensionality,
  title={Dimensionality of consumer search space drives trophic interaction strengths},
  author={Pawar, Samraat and Dell, Anthony I and Savage, Van M},
  journal={Nature},
  volume={486},
  number={7404},
  pages={485--489},
  year={2012},
  publisher={Nature Publishing Group}
}

@article{dell2014temperature,
  title={Temperature dependence of trophic interactions are driven by asymmetry of species responses and foraging strategy},
  author={Dell, Anthony I and Pawar, Samraat and Savage, Van M},
  journal={{J. Anim. Ecol.}},
  volume={83},
  number={1},
  pages={70--84},
  year={2014},
  publisher={Wiley Online Library}
}

@article{reuman2013metabolic,
  title={A metabolic perspective on competition and body size reductions with warming},
  author={Reuman, Daniel C and Holt, Robert D and Yvon-Durocher, Gabriel},
  journal={{J. Anim. Ecol.}},
  year={2013},
  publisher={Wiley Online Library}
}

@article{bossdorf2005phenotypic,
  title={Phenotypic and genetic differentiation between native and introduced plant populations},
  author={Bossdorf, Oliver and Auge, Harald and Lafuma, Lucile and Rogers, William E and Siemann, Evan and Prati, Daniel},
  journal={Oecologia},
  volume={144},
  number={1},
  pages={1--11},
  year={2005},
  publisher={Springer}
}

@article{whitney2008rapid,
  title={Rapid evolution in introduced species, 'invasive traits' and recipient communities: challenges for predicting invasive potential},
  author={Whitney, Kenneth D and Gabler, Christopher A},
  journal={{Divers. Distrib.}},
  volume={14},
  number={4},
  pages={569--580},
  year={2008},
  publisher={Wiley Online Library}
}

@article{ricciardi2009assisted,
  title={Assisted colonization is not a viable conservation strategy},
  author={Ricciardi, Anthony and Simberloff, Daniel},
  journal={{Trends Ecol. Evol.}},
  volume={24},
  number={5},
  pages={248--253},
  year={2009},
  publisher={Elsevier}
}

@article{johnson1946growth,
  title={{The growth rate of \textit{E. coli} in relation to temperature, quinine and coenzyme}},
  author={Johnson, Frank H and Lewin, Isaac},
  journal={{J. Cell. Comp. Physiol.}},
  volume={28},
  number={1},
  pages={47--75},
  year={1946},
  publisher={Wiley Online Library}
}

@article{schoolfield1981non,
  title={Non-linear regression of biological temperature-dependent rate models based on absolute reaction-rate theory},
  author={Schoolfield, RM and Sharpe, PJH and Magnuson, CE},
  journal={{J. Theor. Biol.}},
  volume={88},
  number={4},
  pages={719--731},
  year={1981},
  publisher={Elsevier}
}

@article{katoh2013mafft,
  title={{MAFFT} multiple sequence alignment software version 7: improvements in performance and usability},
  author={Katoh, Kazutaka and Standley, Daron M},
  journal={{Mol. Biol. Evol.}},
  volume={30},
  number={4},
  pages={772--780},
  year={2013},
  publisher={SMBE}
}

@article{wu2012accounting,
  title={Accounting for alignment uncertainty in phylogenomics},
  author={Wu, Martin and Chatterji, Sourav and Eisen, Jonathan A},
  journal={PloS ONE},
  volume={7},
  number={1},
  pages={e30288},
  year={2012},
  publisher={Public Library of Science}
}

@article{darriba2012jmodeltest,
  title={j{M}odel{T}est 2: more models, new heuristics and parallel computing},
  author={Darriba, Diego and Taboada, Guillermo L and Doallo, Ram{\'o}n and Posada, David},
  journal={{Nat. Methods}},
  volume={9},
  number={8},
  pages={772--772},
  year={2012},
  publisher={Nature Publishing Group}
}

@article{guindon2010new,
  title={New algorithms and methods to estimate maximum-likelihood phylogenies: assessing the performance of {P}hy{ML} 3.0},
  author={Guindon, St{\'e}phane and Dufayard, Jean-Fran{\c{c}}ois and Lefort, Vincent and Anisimova, Maria and Hordijk, Wim and Gascuel, Olivier},
  journal={{Syst. Biol.}},
  volume={59},
  number={3},
  pages={307--321},
  year={2010},
  publisher={Oxford University Press}
}

@article{stamatakis2014raxml,
  title={{RA}x{ML} {V}ersion 8: {A} tool for {P}hylogenetic {A}nalysis and {P}ost-{A}nalysis of {L}arge {P}hylogenies},
  author={Stamatakis, Alexandros},
  journal={Bioinformatics},
  pages={btu033},
  year={2014},
  publisher={Oxford Univ Press}
}

@article{huson2012dendroscope,
  title={Dendroscope 3: an interactive tool for rooted phylogenetic trees and networks},
  author={Huson, Daniel H and Scornavacca, Celine},
  journal={{Syst. Biol.}},
  volume={61},
  number={6},
  pages={1061--1067},
  year={2012},
  publisher={Oxford University Press}
}

@article{tavare1986some,
  title={Some probabilistic and statistical problems in the analysis of {DNA} sequences},
  author={Tavar{\'e}, Simon},
  journal={{Lectures Math. Life Sci.}},
  volume={17},
  pages={57--86},
  year={1986}
}

@article{yang1993maximum,
  title={Maximum-likelihood estimation of phylogeny from {DNA} sequences when substitution rates differ over sites.},
  author={Yang, Ziheng},
  journal={{Mol. Biol. Evol.}},
  volume={10},
  number={6},
  pages={1396--1401},
  year={1993},
  publisher={SMBE}
}

@article{gu1995maximum,
  title={Maximum likelihood estimation of the heterogeneity of substitution rate among nucleotide sites.},
  author={Gu, Xun and Fu, Yun-Xin and Li, Wen-Hsiung},
  journal={{Mol. Biol. Evol.}},
  volume={12},
  number={4},
  pages={546--557},
  year={1995},
  publisher={SMBE}
}

@article{levenberg44,
    author = {Levenberg, Kenneth},
    journal = {{Quart. Appl. Math.}},
    keywords = {indefinite, nonconvex, optimization},
    number = {2},
    pages = {164--168},
    posted-at = {2012-06-17 09:00:21},
    priority = {2},
    title = {{A method for the solution of certain non-linear problems in least squares}},
    volume = {II},
    year = {1944}
}

@article{marquardt1963algorithm,
  title={An algorithm for least-squares estimation of nonlinear parameters},
  author={Marquardt, Donald W},
  journal={{J. Soc. Ind. Appl. Math.}},
  volume={11},
  number={2},
  pages={431--441},
  year={1963},
  publisher={SIAM}
}

@article{kontopoulos2013pinda,
  title={Pinda: A Web service for detection and analysis of intraspecies gene duplication events},
  author={Kontopoulos, Dimitrios-Georgios and Glykos, Nicholas M},
  journal={{Comput. Methods Programs Biomed.}},
  volume={111},
  number={3},
  pages={711--714},
  year={2013},
  publisher={Elsevier}
}

@article{martin2008suboptimal,
  title={Why “suboptimal” is optimal: Jensen's inequality and ectotherm thermal preferences},
  author={Martin, Tara Laine and Huey, Raymond B},
  journal={{Am. Nat.}},
  volume={171},
  number={3},
  pages={E102--E118},
  year={2008},
  publisher={JSTOR}
}

@article{akaike1974new,
  title={A new look at the statistical model identification},
  author={Akaike, Hirotugu},
  journal={{IEEE Trans. Automat. Contr.}},
  volume={19},
  number={6},
  pages={716--723},
  year={1974},
  publisher={Ieee}
}

@article{schwarz1978estimating,
  title={Estimating the dimension of a model},
  author={Schwarz, Gideon},
  journal={{Ann. Stat.}},
  volume={6},
  number={2},
  pages={461--464},
  year={1978},
  publisher={Institute of Mathematical Statistics}
}

@article{hannan1979determination,
  title={The determination of the order of an autoregression},
  author={Hannan, Edward J and Quinn, Barry G},
  journal={{J. R. Stat. Soc. Series B Stat. Methodol.}},
  volume={41},
  issue={2},
  pages={190--195},
  year={1979},
  publisher={JSTOR}
}

@misc{ITIS2014,
author = {Roskov, Y. and Kunze, T. and Orrell, T. and Abucay, L. and Paglinawan, L. and Culham, A. and others},
title = {{Species 2000 \& ITIS Catalogue of Life, 2014 Annual Checklist.}},
year = {2014},
note = {Available at: http://www.catalogueoflife.org/annual-checklist/2014. Last accessed: 04-05-2014.}
}

@misc{GNR,
author = {{Global Names Architecture}},
title = {{Global Names Resolver}},
year = {2014},
note = {Available at: http://resolver.globalnames.org/. Last accessed: 04-05-2014.}
}

@article{vasseur2005mechanistic,
  title={A Mechanistic Approach for Modeling Temperature-Dependent Consumer-Resource Dynamics},
  author={Vasseur, David A and McCann, Kevin S},
  journal={{Am. Nat.}},
  volume={166},
  number={2},
  pages={184--198},
  year={2005},
  publisher={JSTOR}
}

@book{angilletta2009thermal,
  title={Thermal adaptation: a theoretical and empirical synthesis},
  author={Angilletta, Michael James},
  year={2009},
  publisher={Oxford University Press},
  note = {Oxford, United Kingdom, pp. 35-36, 47}
}

@article{rosenzweig1963graphical,
  title={Graphical representation and stability conditions of predator-prey interactions},
  author={Rosenzweig, Michael L and MacArthur, Robert H},
  journal={{Am. Nat.}},
  volume={97},
  number={895},
  pages={209--223},
  year={1963}
}

@article{minin2003performance,
  title={Performance-based selection of likelihood models for phylogeny estimation},
  author={Minin, Vladimir and Abdo, Zaid and Joyce, Paul and Sullivan, Jack},
  journal={Syst. Biol.},
  volume={52},
  number={5},
  pages={674--683},
  year={2003},
  publisher={Oxford University Press}
}

@article{Vincenty1975,
  title={Direct and inverse solutions of geodesics on the ellipsoid with application of nested equations},
  author={Vincenty, Thaddeus},
  journal={Surv. Rev.},
  volume={23},
  number={176},
  pages={88--93},
  year={1975},
  publisher={Maney Publishing}
}

@article{mann1947test,
  title={On a test of whether one of two random variables is stochastically larger than the other},
  author={Mann, Henry B and Whitney, Donald R},
  journal={{Ann. Math. Stat.}},
  volume={18},
  number={1},
  pages={50--60},
  year={1947},
  publisher={Institute of Mathematical Statistics}
}

@article{tilman1977resource,
  title={Resource competition between plankton algae: an experimental and theoretical approach},
  author={Tilman, David},
  journal={Ecology},
  pages={338--348},
  year={1977},
  publisher={JSTOR}
}

@article{droop1973some,
  title={Some thoughts on nutrient limitation in algae},
  author={Droop, MR},
  journal={{J. Phycol.}},
  volume={9},
  number={3},
  pages={264--272},
  year={1973},
  publisher={Wiley Online Library}
}

@article{poloczanska2013global,
  title={Global imprint of climate change on marine life},
  author={Poloczanska, Elvira S and Brown, Christopher J and Sydeman, William J and Kiessling, Wolfgang and Schoeman, David S and Moore, Pippa J and Brander, Keith and Bruno, John F and Buckley, Lauren B and Burrows, Michael T and others},
  journal={{Nat. Clim. Chang.}},
  volume={3},
  number={10},
  pages={919--925},
  year={2013},
  publisher={Nature Publishing Group}
}

@article{harmon2008geiger,
  title={{GEIGER}: investigating evolutionary radiations},
  author={Harmon, Luke J and Weir, Jason T and Brock, Chad D and Glor, Richard E and Challenger, Wendell},
  journal={Bioinformatics},
  volume={24},
  number={1},
  pages={129--131},
  year={2008},
  publisher={Oxford Univ Press}
}

@article{pagel1999inferring,
  title={Inferring the historical patterns of biological evolution},
  author={Pagel, Mark},
  journal={Nature},
  volume={401},
  number={6756},
  pages={877--884},
  year={1999},
  publisher={Nature Publishing Group}
}

@article{hansen1997stabilizing,
  title={Stabilizing selection and the comparative analysis of adaptation},
  author={Hansen, Thomas F},
  journal={Evolution},
  volume={51},
  number={5},
  pages={1341--1351},
  year={1997},
  publisher={JSTOR}
}

@article{boucher2014neutral,
  title={Neutral biogeography and the evolution of climatic niches},
  author={Boucher, Florian C and Thuiller, Wilfried and Davies, T Jonathan and Lavergne, S{\'e}bastien},
  journal={{Am. Nat.}},
  volume={183},
  number={5},
  pages={573},
  year={2014},
  publisher={Europe PMC Funders}
}

@article{harmon2010early,
  title={Early bursts of body size and shape evolution are rare in comparative data},
  author={Harmon, Luke J and Losos, Jonathan B and Jonathan Davies, T and Gillespie, Rosemary G and Gittleman, John L and Bryan Jennings, W and Kozak, Kenneth H and McPeek, Mark A and Moreno-Roark, Franck and Near, Thomas J and others},
  journal={Evolution},
  volume={64},
  number={8},
  pages={2385--2396},
  year={2010},
  publisher={Wiley Online Library}
}

@article{butler2004phylogenetic,
  title={Phylogenetic comparative analysis: a modeling approach for adaptive evolution},
  author={Butler, Marguerite A and King, Aaron A},
  journal={{Am. Nat.}},
  volume={164},
  number={6},
  pages={683--695},
  year={2004},
  publisher={JSTOR}
}

@article{smith2011evidence,
  title={Evidence of constrained phenotypic evolution in a cryptic species complex of agamid lizards},
  author={Smith, Katie L and Harmon, Luke J and Shoo, Luke P and Melville, Jane},
  journal={Evolution},
  volume={65},
  number={4},
  pages={976--992},
  year={2011},
  publisher={Wiley Online Library}
}

@article{beaulieu2012modeling,
  title={Modeling stabilizing selection: expanding the {O}rnstein--{U}hlenbeck model of adaptive evolution},
  author={Beaulieu, Jeremy M and Jhwueng, Dwueng-Chwuan and Boettiger, Carl and O’Meara, Brian C},
  journal={Evolution},
  volume={66},
  number={8},
  pages={2369--2383},
  year={2012},
  publisher={Wiley Online Library}
}

@article{johnson2004model,
  title={Model selection in ecology and evolution},
  author={Johnson, Jerald B and Omland, Kristian S},
  journal={{Trends Ecol. Evol.}},
  volume={19},
  number={2},
  pages={101--108},
  year={2004},
  publisher={Elsevier}
}

@article{bogdanowicz2012matching,
  title={Matching split distance for unrooted binary phylogenetic trees},
  author={Bogdanowicz, Damian and Giaro, Krzysztof},
  journal={{IEEE/ACM Trans. Comput. Biol. Bioinform.}},
  volume={9},
  number={1},
  pages={150--160},
  year={2012},
  publisher={IEEE}
}

@article{bogdanowicz2012treecmp,
  title={{TreeCmp: Comparison of trees in polynomial time}},
  author={Bogdanowicz, Damian and Giaro, Krzysztof and Wr{\'o}bel, Borys},
  journal={{Evol. Bioinform. Online}},
  volume={8},
  pages={475--487},
  year={2012},
  publisher={Libertas Academica}
}

@data{Leblanc2012,
  doi = {10.1594/PANGAEA.777384},
  url = {http://dx.doi.org/10.1594/PANGAEA.777384},
  author = {Leblanc, Karine and Arístegui Ruiz, Javier and Armand, Leanne K and Assmy, Philipp and Beker, B and Bode, Antonio and Breton, E and Cornet, V and Gibson, J and Gosselin, M-P and Kopczynska, EE and Marshall, Harold G and Peloquin, Jill M and Piontkovski, S and Poulton, Alex J and Quéguiner, Bernard and Schiebel, Ralf and Shipe, R and Stefels, Jacqueline and van Leeuwe, Maria A and Varela, M and Widdicombe, Claire E and Yallop, M},
  publisher = {PANGAEA - Data Publisher for Earth & Environmental Science},
  title = {{Global distributions of diatoms abundance, biovolume and biomass - Gridded data product (NetCDF) - Contribution to the MAREDAT World Ocean Atlas of Plankton Functional Types}},
  year = {2012}
}

@article{parr2014encyclopedia,
  title={The Encyclopedia of Life v2: Providing Global Access to Knowledge About Life on Earth},
  author={Parr, Cynthia S and Wilson, Mr Nathan and Leary, Mr Patrick and Schulz, Katja S and Lans, Ms Kristen and Walley, Ms Lisa and Hammock, Jennifer A and Goddard, Mr Anthony and Rice, Mr Jeremy and Studer, Mr Marie and others},
  journal={Biodivers. Data J.},
  number={2},
  year={2014},
  publisher={Pensoft Publishers}
}

@article{alber1993new,
  title={{New modified square root and Schoolfield models for predicting bacterial growth rate as a function of temperature}},
  author={Alber, Susan A and Schaffner, Donald W},
  journal={J. Ind. Microbiol.},
  volume={12},
  number={3-5},
  pages={206--210},
  year={1993},
  publisher={Springer}
}

@article{paradis2004ape,
  title = {A{PE}: analyses of phylogenetics and evolution in {R} language},
  author = {E. Paradis and J. Claude and K. Strimmer},
  journal = {Bioinformatics},
  year = {2004},
  volume = {20},
  pages = {289--290},
  number={2},
  publisher={Oxford Univ Press}
}

@article{revell2012phytools,
  title={{phytools: an R package for phylogenetic comparative biology (and other things)}},
  author={Revell, Liam J},
  journal={{Methods Ecol. Evol.}},
  volume={3},
  number={2},
  pages={217--223},
  year={2012},
  publisher={Wiley Online Library}
}

@article{sidlauskas2008continuous,
  title={Continuous and arrested morphological diversification in sister clades of characiform fishes: a phylomorphospace approach},
  author={Sidlauskas, Brian},
  journal={Evolution},
  volume={62},
  number={12},
  pages={3135--3156},
  year={2008},
  publisher={Wiley Online Library}
}

@article{thomas2012global,
  title={A global pattern of thermal adaptation in marine phytoplankton},
  author={Thomas, Mridul K and Kremer, Colin T and Klausmeier, Christopher A and Litchman, Elena},
  journal={Science},
  volume={338},
  number={6110},
  pages={1085--1088},
  year={2012},
  publisher={American Association for the Advancement of Science}
}

@article{felsenstein1985phylogenies,
  title={Phylogenies and the comparative method},
  author={Felsenstein, Joseph},
  journal={{Am. Nat.}},
  volume={125},
  number={1},
  pages={1--15},
  year={1985},
  publisher={JSTOR}
}

@article{martins1991phylogenetic,
  title={Phylogenetic analyses of the correlated evolution of continuous characters: a simulation study},
  author={Martins, Emilia P and Garland Jr, Theodore},
  journal={Evolution},
  volume={45},
  number={3},
  pages={534--557},
  year={1991},
  publisher={JSTOR}
}

@article{legendre2010comparison,
  title={{Comparison of the Mantel test and alternative approaches for detecting complex multivariate relationships in the spatial analysis of genetic data}},
  author={Legendre, Pierre and Fortin, Marie-Jos{\'e}e},
  journal={Molecular Ecology Resources},
  volume={10},
  number={5},
  pages={831--844},
  year={2010},
  publisher={Wiley Online Library}
}

@article{brown2004toward,
  title={Toward a metabolic theory of ecology},
  author={Brown, James H and Gillooly, James F and Allen, Andrew P and Savage, Van M and West, Geoffrey B},
  journal={Ecology},
  volume={85},
  number={7},
  pages={1771--1789},
  year={2004},
  publisher={Eco Soc America}
}

@article{crisp2012phylogenetic,
  title={Phylogenetic niche conservatism: what are the underlying evolutionary and ecological causes?},
  author={Crisp, Michael D and Cook, Lyn G},
  journal={New Phytol.},
  volume={196},
  number={3},
  pages={681--694},
  year={2012},
  publisher={Wiley Online Library}
}

@article{freckleton2009seven,
  title={The seven deadly sins of comparative analysis},
  author={Freckleton, RP},
  journal={{J. Evol. Biol.}},
  volume={22},
  number={7},
  pages={1367--1375},
  year={2009},
  publisher={Wiley Online Library}
}

@article{garcia2014multiple,
  title={Multiple Dimensions of Climate Change and Their Implications for Biodiversity},
  author={Garcia, Raquel A and Cabeza, Mar and Rahbek, Carsten and Ara{\'u}jo, Miguel B},
  journal={Science},
  volume={344},
  number={6183},
  pages={1247579},
  year={2014},
  publisher={American Association for the Advancement of Science}
}

@article{portner2006trade,
  title={Trade-Offs in Thermal Adaptation: The Need for a Molecular to Ecological Integration},
  author={P{\"o}rtner, Hans O and Bennett, Albert F and Bozinovic, Francisco and Clarke, Andrew and Lardies, Marco A and Lucassen, Magnus and Pelster, Bernd and Schiemer, Fritz and Stillman, Jonathon H},
  journal={Physiol. and Biochem. Zool.},
  volume={79},
  number={2},
  pages={295--313},
  year={2006},
  publisher={JSTOR}
}

@article{hoffmann2011climate,
  title={Climate change and evolutionary adaptation},
  author={Hoffmann, Ary A and Sgr{\`o}, Carla M},
  journal={Nature},
  volume={470},
  number={7335},
  pages={479--485},
  year={2011},
  publisher={Nature Publishing Group}
}

@article{abrams2001modelling,
  title={Modelling the adaptive dynamics of traits involved in inter-and intraspecific interactions: an assessment of three methods},
  author={Abrams, PA},
  journal={Ecol. Lett.},
  volume={4},
  number={2},
  pages={166--175},
  year={2001},
  publisher={Oxford: Blackwell Science, 1998-}
}

@article{irlich2009insect,
  title={Insect rate-temperature relationships: environmental variation and the metabolic theory of ecology},
  author={Irlich, Ulrike M and Terblanche, John S and Blackburn, Tim M and Chown, Steven L},
  journal={{Am. Nat.}},
  volume={174},
  number={6},
  pages={819--835},
  year={2009},
  publisher={JSTOR}
}

@article{dillon2010global,
  title={Global metabolic impacts of recent climate warming},
  author={Dillon, Michael E and Wang, George and Huey, Raymond B},
  journal={Nature},
  volume={467},
  number={7316},
  pages={704--706},
  year={2010},
  publisher={Nature Publishing Group}
}

@article{chen2010relationships,
  title={{Relationships between phytoplankton growth and cell size in surface oceans: Interactive effects of temperature, nutrients, and grazing}},
  author={Chen, Bingzhang and Liu, Hongbin},
  journal={{Limnol. Oceanogr.}},
  volume={55},
  number={3},
  pages={965},
  year={2010}
}

@article{delong2010shifts,
  title={Shifts in metabolic scaling, production, and efficiency across major evolutionary transitions of life},
  author={DeLong, John P and Okie, Jordan G and Moses, Melanie E and Sibly, Richard M and Brown, James H},
  journal={{Proc. Natl. Acad. Sci. U.S.A.}},
  volume={107},
  number={29},
  pages={12941--12945},
  year={2010},
  publisher={National Acad Sciences}
}

@article{field1998primary,
  title={Primary production of the biosphere: integrating terrestrial and oceanic components},
  author={Field, Christopher B and Behrenfeld, Michael J and Randerson, James T and Falkowski, Paul},
  journal={Science},
  volume={281},
  number={5374},
  pages={237--240},
  year={1998},
  publisher={American Association for the Advancement of Science}
}

@article{box1964analysis,
  title={An analysis of transformations},
  author={Box, George EP and Cox, David R},
  journal={{J. R. Stat. Soc. Series B Stat. Methodol.}},
  pages={211--252},
  year={1964},
  publisher={JSTOR}
}

@article{shapiro1965analysis,
  title={An analysis of variance test for normality (complete samples)},
  author={Shapiro, Samuel Sanford and Wilk, Martin B},
  journal={Biometrika},
  pages={591--611},
  year={1965},
  publisher={JSTOR}
}

@article{heath2014fossilized,
  title={The fossilized birth--death process for coherent calibration of divergence-time estimates},
  author={Heath, Tracy A and Huelsenbeck, John P and Stadler, Tanja},
  journal={{Proc. Natl. Acad. Sci. U.S.A.}},
  volume={111},
  number={29},
  pages={E2957--E2966},
  year={2014},
  publisher={National Acad Sciences}
}

@article{cohen1992power,
  title={A power primer.},
  author={Cohen, Jacob},
  journal={{Psychol. Bull.}},
  volume={112},
  number={1},
  pages={155--159},
  year={1992},
  publisher={American Psychological Association}
}

@article{araujo2013heat,
  title={Heat freezes niche evolution},
  author={Ara{\'u}jo, Miguel B and Ferri-Y{\'a}{\~n}ez, Francisco and Bozinovic, Francisco and Marquet, Pablo A and Valladares, Fernando and Chown, Steven L},
  journal={{Ecol. Lett.}},
  volume={16},
  number={9},
  pages={1206--1219},
  year={2013},
  publisher={Wiley Online Library}
}

@article{boyce2010global,
  title={Global phytoplankton decline over the past century},
  author={Boyce, Daniel G and Lewis, Marlon R and Worm, Boris},
  journal={Nature},
  volume={466},
  number={7306},
  pages={591--596},
  year={2010},
  publisher={Nature Publishing Group}
}

@article{yvon2011warming,
  title={Warming alters the size spectrum and shifts the distribution of biomass in freshwater ecosystems},
  author={Yvon-Durocher, Gabriel and Montoya, Jos{\'e} M and Trimmer, Mark and Woodward, Guy},
  journal={{Glob. Chang. Biol.}},
  volume={17},
  number={4},
  pages={1681--1694},
  year={2011},
  publisher={Wiley Online Library}
}

@article{daufresne2009global,
  title={Global warming benefits the small in aquatic ecosystems},
  author={Daufresne, Martin and Lengfellner, Kathrin and Sommer, Ulrich},
  journal={{Proc. Natl. Acad. Sci. U.S.A.}},
  volume={106},
  number={31},
  pages={12788--12793},
  year={2009},
  publisher={National Acad Sciences}
}
